%YAML 1.1
%TAG !u! tag:unity3d.com,2011:
--- !u!244 &-8136701755877672904
AudioMixerEffectController:
  m_ObjectHideFlags: 3
  m_CorrespondingSourceObject: {fileID: 0}
  m_PrefabInstance: {fileID: 0}
  m_PrefabAsset: {fileID: 0}
  m_Name: 
  m_EffectID: e637f473cb9caba41869c98b6bf3905c
  m_EffectName: Attenuation
  m_MixLevel: b5a4b29325e4d8d4f9b50de0235e8186
  m_Parameters: []
  m_SendTarget: {fileID: 0}
  m_EnableWetMix: 0
  m_Bypass: 0
--- !u!244 &-7943763752924046057
AudioMixerEffectController:
  m_ObjectHideFlags: 3
  m_CorrespondingSourceObject: {fileID: 0}
  m_PrefabInstance: {fileID: 0}
  m_PrefabAsset: {fileID: 0}
  m_Name: 
  m_EffectID: d193e14216af96548bde969fe05220b8
  m_EffectName: Attenuation
  m_MixLevel: 114f7cc29a2b6664b8d5f91c698144f7
  m_Parameters: []
  m_SendTarget: {fileID: 0}
  m_EnableWetMix: 0
  m_Bypass: 0
--- !u!241 &24100000
AudioMixerController:
  m_ObjectHideFlags: 0
  m_CorrespondingSourceObject: {fileID: 0}
  m_PrefabInstance: {fileID: 0}
  m_PrefabAsset: {fileID: 0}
  m_Name: Audio Mixer
  m_OutputGroup: {fileID: 0}
  m_MasterGroup: {fileID: 24300002}
  m_Snapshots:
  - {fileID: 24500006}
  m_StartSnapshot: {fileID: 24500006}
  m_SuspendThreshold: -80
  m_EnableSuspend: 1
  m_UpdateMode: 0
  m_ExposedParameters:
  - guid: 84afb2cbb206d074790a3823571d1523
    name: Music
  - guid: deaf8b2bf6b8870488733667f305a230
    name: SFX
  m_AudioMixerGroupViews:
  - guids:
    - 9985eec8946288d45b8781e722ff54c2
    - 874b333d620ed4b48a134bf8bc705212
    - 3e625276d3a4f08468ea2e61c3d9d57f
    name: View
  m_CurrentViewIndex: 0
  m_TargetSnapshot: {fileID: 24500006}
--- !u!243 &24300002
AudioMixerGroupController:
  m_ObjectHideFlags: 0
  m_CorrespondingSourceObject: {fileID: 0}
  m_PrefabInstance: {fileID: 0}
  m_PrefabAsset: {fileID: 0}
  m_Name: Master
  m_AudioMixer: {fileID: 24100000}
  m_GroupID: 9985eec8946288d45b8781e722ff54c2
  m_Children:
  - {fileID: 8057772289816391528}
  - {fileID: 627991993595099748}
  m_Volume: 8f793753efd7e194ca232699030dc3f5
  m_Pitch: dc3e3c87008e40f4799f9390088a6edc
  m_Send: 00000000000000000000000000000000
  m_Effects:
  - {fileID: 24400004}
  m_UserColorIndex: 0
  m_Mute: 0
  m_Solo: 0
  m_BypassEffects: 0
--- !u!244 &24400004
AudioMixerEffectController:
  m_ObjectHideFlags: 3
  m_CorrespondingSourceObject: {fileID: 0}
  m_PrefabInstance: {fileID: 0}
  m_PrefabAsset: {fileID: 0}
  m_Name: 
  m_EffectID: e4af41683a792f144be8841847b5ee87
  m_EffectName: Attenuation
  m_MixLevel: 35110fa0ee33a874bbe46d6a10b85bc5
  m_Parameters: []
  m_SendTarget: {fileID: 0}
  m_EnableWetMix: 0
  m_Bypass: 0
--- !u!245 &24500006
AudioMixerSnapshotController:
  m_ObjectHideFlags: 0
  m_CorrespondingSourceObject: {fileID: 0}
  m_PrefabInstance: {fileID: 0}
  m_PrefabAsset: {fileID: 0}
  m_Name: Snapshot
  m_AudioMixer: {fileID: 24100000}
  m_SnapshotID: c0c45129eb6bf2240976d945eeb18e02
  m_FloatValues:
    8f793753efd7e194ca232699030dc3f5: 0
    84afb2cbb206d074790a3823571d1523: 0
  m_TransitionOverrides: {}
--- !u!243 &627991993595099748
AudioMixerGroupController:
  m_ObjectHideFlags: 0
  m_CorrespondingSourceObject: {fileID: 0}
  m_PrefabInstance: {fileID: 0}
  m_PrefabAsset: {fileID: 0}
  m_Name: SFX
  m_AudioMixer: {fileID: 24100000}
  m_GroupID: 3e625276d3a4f08468ea2e61c3d9d57f
  m_Children: []
  m_Volume: deaf8b2bf6b8870488733667f305a230
  m_Pitch: c960a353c26091540bb37df26c13dd9c
  m_Send: 00000000000000000000000000000000
  m_Effects:
  - {fileID: -7943763752924046057}
  m_UserColorIndex: 0
  m_Mute: 0
  m_Solo: 0
  m_BypassEffects: 0
--- !u!243 &8057772289816391528
AudioMixerGroupController:
  m_ObjectHideFlags: 0
  m_CorrespondingSourceObject: {fileID: 0}
  m_PrefabInstance: {fileID: 0}
  m_PrefabAsset: {fileID: 0}
  m_Name: Music
  m_AudioMixer: {fileID: 24100000}
  m_GroupID: 874b333d620ed4b48a134bf8bc705212
  m_Children: []
  m_Volume: 84afb2cbb206d074790a3823571d1523
  m_Pitch: 0316c7c1570221840b0bd1ef6bf753b3
  m_Send: 00000000000000000000000000000000
  m_Effects:
  - {fileID: -8136701755877672904}
  m_UserColorIndex: 0
  m_Mute: 0
  m_Solo: 0
  m_BypassEffects: 0
